
@article{myers2016,
 author = {Myers, Brad A. and Stylos, Jeffrey},
 title = {Improving API Usability},
 journal = {Commun. ACM},
 issue_date = {June 2016},
 volume = {59},
 number = {6},
 month = may,
 year = {2016},
 issn = {0001-0782},
 pages = {62--69},
 numpages = {8},
 url = {http://doi.acm.org/10.1145/2896587},
 doi = {10.1145/2896587},
 acmid = {2896587},
 publisher = {ACM},
 address = {New York, NY, USA},
}

@InProceedings{bloch2006,
  author    = {Bloch, Joshua},
  title     = {How to Design a Good API and Why It Matters},
  booktitle = {Companion to the 21st ACM SIGPLAN Symposium on Object-oriented Programming Systems, Languages, and Applications},
  year      = {2006},
  series    = {OOPSLA '06},
  publisher = {ACM},
  location  = {Portland, Oregon, USA},
  isbn      = {1-59593-491-X},
  pages     = {506--507},
  doi       = {10.1145/1176617.1176622},
  url       = {http://doi.acm.org/10.1145/1176617.1176622},
  acmid     = {1176622},
  address   = {New York, NY, USA},
  numpages  = {2},
}

@Online{bloch2014,
  author = {Bloch, Joshua},
  title  = {A Brief, Opinionated History of the API},
  year   = {2014},
  date   = {2017-11-19},
  url    = {https://www.youtube.com/watch?v=ege-kub1qtk},
}

@Online{bloch2009,
  author = {Bloch, Joshua},
  title  = {Effective Java - Still Effective After All These Years},
  year   = {2014},
  date   = {2017-12-5},
  url    = {https://www.youtube.com/watch?v=V1vQf4qyMXg},
}

@book{de2017,
author    = {De, Brajesh},
	title = {API Management: An Architect's Guide to Developing and Managing APIs for Your Organization},
	address = {Berkeley, CA},
	year = {2017},
	publisher = {Apress},
	pages = {Online-Ressource (XIX, 195 p. 55 illus., 20 illus. in color, online resource)},
	URL = {http://dx.doi.org/10.1007/978-1-4842-1305-6},
	URL = {http://dx.doi.org/10.1007/978-1-4842-1305-6},
	type = {Text (nur f√ºr elektronische Ressourcen)},
	ISBN = {978-1-4842-1305-6},
	ISBN = {978-1-4842-1306-3 (Druck-Ausgabe)},
}

@Online{sahni2015,
  author = {Sahni, Vinay.},
  title  = {Best Practices for Designing a Pragmatic RESTful API},
  year   = {2015},
  date   = {2017-11-05},
  url    = {http://www.vinaysahni.com/best-practices-for-a-pragmatic-restful-api},
}

@Online{mihaly2012,
  author = {Mihaly, Ferenc.},
  title  = {Java API Design Checklist},
  year   = {2012},
  date   = {2017-11-05},
  url    = {https://theamiableapi.com/2012/01/16/java-api-design-checklist/},
}

@Online{anthony2016,
  author = {Art, Anthony.},
  title  = {8 Keys To Creating A Truly Usable API},
  year   = {2016},
  date   = {2017-11-05},
  url    = {https://nordicapis.com/8-keys-to-creating-a-truly-usable-api/},
}

@Online{clarke2003,
  author = {Clarke, Steven.},
  title  = {API usability and the cognitive dimensions framework},
  year   = {2003},
  date   = {2017-11-05},
  url    = {https://blogs.msdn.microsoft.com/stevencl/2003/10/08/api-usability-and-the-cognitive-dimensions-framework/},
}

@Online{clarke2004,
  author = {Clarke, Steven.},
  title  = {Measuring API Usability},
  year   = {2004},
  date   = {2017-11-05},
  url    = {http://www.drdobbs.com/windows/measuring-api-usability/184405654},
}

@Book{siriwardena2014,
  author = {Siriwardena, Prabath},
  title  = {Advanced API Security},
  year   = {2014},
  date   = {2017-11-06},
}

@Book{reddy2011,
author = {Reddy, Martin},
 title = {API Design for C++},
 year = {2011},
 isbn = {9780123850034},
 edition = {1st},
 publisher = {Morgan Kaufmann Publishers Inc.},
 address = {San Francisco, CA, USA},
}

@Online{oracle2017,
  author = {Oracle},
  title  = {Javadoc Tool},
  date   = {2017-12-04},
  url    = {http://www.oracle.com/technetwork/java/javase/documentation/javadoc-137458.html},
}

@Online{dimitri2017,
  author = {Dimitri van Heesch},
  title  = {Oxygen},
  date   = {2017-12-04},
  url    = http://www.stack.nl/~dimitri/doxygen/index.html},
}
